@ARTICLE{8682048,

  author={Shakhatreh, Hazim and Sawalmeh, Ahmad H. and Al-Fuqaha, Ala and Dou, Zuochao and Almaita, Eyad and Khalil, Issa and Othman, Noor Shamsiah and Khreishah, Abdallah and Guizani, Mohsen},

  journal={IEEE Access}, 

  title={Unmanned Aerial Vehicles (UAVs): A Survey on Civil Applications and Key Research Challenges}, 

  year={2019},

  volume={7},

  number={},

  pages={48572-48634},

  doi={10.1109/ACCESS.2019.2909530}}

@article{zhang2020architecture,
  title={Architecture design of distributed redundant flight control computer based on time-triggered buses for UAVs},
  author={Zhang, Xunying and Zhao, Xiaodong},
  journal={IEEE Sensors Journal},
  volume={21},
  number={3},
  pages={3944--3954},
  year={2020},
  publisher={IEEE}
}

@inproceedings{hiergeist2018implementation,
  title={Implementation of a SPI based redundancy network for SoC based UAV FCCs and achieving synchronization},
  author={Hiergeist, Sebastian and Seifert, Georg},
  booktitle={2018 IEEE/AIAA 37th Digital Avionics Systems Conference (DASC)},
  pages={1--10},
  year={2018},
  organization={IEEE}
}

@article{lala1994architectural,
  title={Architectural principles for safety-critical real-time applications},
  author={Lala, Jaynarayan H and Harper, Richard E},
  journal={Proceedings of the IEEE},
  volume={82},
  number={1},
  pages={25--40},
  year={1994},
  publisher={IEEE}
}

@article{garberoglio2019diseno,
  title={Dise{\~n}o de un autopiloto para peque{\~n}os veh{\'\i}culos no tripulados},
  author={Garberoglio, Leonardo and Pose, Claudio and Mas, Ignacio and Giribet, Juan Ignacio},
  journal={Elektron},
  volume={3},
  number={1},
  pages={29--38},
  year={2019}
}

