@article{nelson1990fault,
  title={Fault-tolerant computing: Fundamental concepts},
  author={Nelson, Victor P.},
  journal={Computer},
  volume={23},
  number={7},
  pages={19--25},
  year={1990},
  publisher={IEEE}
}

@article{lala1994architectural,
  title={Architectural principles for safety-critical real-time applications},
  author={Lala, Jaynarayan H and Harper, Richard E},
  journal={Proceedings of the IEEE},
  volume={82},
  number={1},
  pages={25--40},
  year={1994},
  publisher={IEEE}
}
@inproceedings{roth2021not,
  title={Do Not Overpay for Fault Tolerance!},
  author={Roth, Edo and Haeberlen, Andreas},
  booktitle={2021 IEEE 27th Real-Time and Embedded Technology and Applications Symposium (RTAS)},
  pages={374--386},
  year={2021},
  organization={IEEE}
}

@inproceedings{hiergeist2017internal,
  title={Internal redundancy in future UAV FCCs and the challenge of synchronization},
  author={Hiergeist, Sebastian and Seifert, Georg},
  booktitle={2017 IEEE/AIAA 36th Digital Avionics Systems Conference (DASC)},
  pages={1--9},
  year={2017},
  organization={IEEE}
}

@inproceedings{hiergeist2018implementation,
  title={Implementation of a SPI based redundancy network for SoC based UAV FCCs and achieving synchronization},
  author={Hiergeist, Sebastian and Seifert, Georg},
  booktitle={2018 IEEE/AIAA 37th Digital Avionics Systems Conference (DASC)},
  pages={1--10},
  year={2018},
  organization={IEEE}
}


@incollection{lamport2019byzantine,
  title={The Byzantine generals problem},
  author={Lamport, Leslie and Shostak, Robert and Pease, Marshall},
  booktitle={Concurrency: the works of leslie lamport},
  pages={203--226},
  year={2019}
}

@article{prasad1989fault,
  title={Fault tolerant digital systems},
  author={Prasad, Vinod B},
  journal={IEEE Potentials},
  volume={8},
  number={1},
  pages={17--21},
  year={1989},
  publisher={IEEE}
}

@inproceedings{baleani2003fault,
  title={Fault-tolerant platforms for automotive safety-critical applications},
  author={Baleani, Massimo and Ferrari, Alberto and Mangeruca, Leonardo and Sangiovanni-Vincentelli, Alberto and Peri, Maurizio and Pezzini, Saverio},
  booktitle={Proceedings of the 2003 international conference on Compilers, architecture and synthesis for embedded systems},
  pages={170--177},
  year={2003}
}

@inproceedings{zhang2015dual,
  title={Dual redundant flight control system design for microminiature UAV},
  author={Zhang, Xiaolin and Li, Haisheng and Yuan, Dandan},
  booktitle={2015 2nd International Conference on Electrical, Computer Engineering and Electronics},
  pages={785--791},
  year={2015},
  organization={Atlantis Press}
}

@thesis{SolanoPerez2019, 
  title={Development of a Redundancy System for Autopilots},
  author={Solano PÃ©rez, Federico Fidencio},
  year={2019}
} 

@online{TMRwebPage,
	title = {Triple Modular Redundancy},
	url = {https://www.layerzero.com/Innovations/Industry-Firsts/Triple-Modular-Redundancy.html}
}

@article{lyons1962use,
  title={The use of triple-modular redundancy to improve computer reliability},
  author={Lyons, Robert E and Vanderkulk, Wouter},
  journal={IBM journal of research and development},
  volume={6},
  number={2},
  pages={200--209},
  year={1962},
  publisher={IBM}
}

@article{pease1980reaching,
  title={Reaching agreement in the presence of faults},
  author={Pease, Marshall and Shostak, Robert and Lamport, Leslie},
  journal={Journal of the ACM (JACM)},
  volume={27},
  number={2},
  pages={228--234},
  year={1980},
  publisher={ACM New York, NY, USA}
}

@article{wensley1978sift,
  title={SIFT: Design and analysis of a fault-tolerant computer for aircraft control},
  author={Wensley, John H and Lamport, Leslie and Goldberg, Jack and Green, Milton W and Levitt, Karl N and Melliar-Smith, Po Mo and Shostak, Robert E and Weinstock, Charles B},
  journal={Proceedings of the IEEE},
  volume={66},
  number={10},
  pages={1240--1255},
  year={1978},
  publisher={IEEE}
}
@article{wikipedia-contributors-2023,
	author = {Wikipedia contributors},
	journal = {Wikipedia},
	month = {7},
	title = {{Byzantine fault}},
	year = {2023},
	url = {https://en.wikipedia.org/wiki/Byzantine_fault#},
}

@article{specification1991bosch,
  title={Bosch},
  author={Specification, CAN},
  journal={Robert Bosch GmbH, Postfach},
  volume={50},
  pages={75},
  year={1991}
}

@manual{nxpAN12233,
    organization  = "NXP Semiconductors",
    title         = "MPC5744P FlexRay Interface in Pictures",
    number        = "AN12233",
    year          =  2021,
    month         =  5,    
    note          = "Rev. 0"
}

@manual{texasSLOA101B,
    organization  = "Texas Instruments",
    title         = "Introduction to the Controller Area Network (CAN)",
    number        = "SLOA101B",
    year          =  2016,
    month         =  5,    
    note          = "Rev. B"
}

@article{kopetz2003time,
  title={The time-triggered architecture},
  author={Kopetz, Hermann and Bauer, G{\"u}nther},
  journal={Proceedings of the IEEE},
  volume={91},
  number={1},
  pages={112--126},
  year={2003},
  publisher={IEEE}
}

@book{kopetz-2011,
	author = {Kopetz, Hermann},
	month = {1},
	publisher = {Springer Science+Business Media},
	title = {{Real-Time systems}},
	year = {2011},
	doi = {10.1007/978-1-4419-8237-7},
	url = {https://doi.org/10.1007/978-1-4419-8237-7},
}

@inproceedings{kopetz1998time,
  title={The time-triggered model of computation},
  author={Kopetz, Hermann},
  booktitle={Proceedings 19th IEEE Real-Time Systems Symposium (Cat. No. 98CB36279)},
  pages={168--177},
  year={1998},
  organization={IEEE}
}

@book{pont2008patterns,
  title={Patterns for time-triggered embedded systems},
  author={Pont, Michael J},
  year={2008},
  publisher={TTE System, Ltd}
}

@article{leen2002ttcan,
  title={TTCAN: a new time-triggered controller area network},
  author={Leen, Gabriel and Heffernan, Donal},
  journal={Microprocessors and Microsystems},
  volume={26},
  number={2},
  pages={77--94},
  year={2002},
  publisher={Elsevier}
}

@phdthesis{anceaume1998performance,
  title={Performance evaluation of clock synchronization algorithms},
  author={Anceaume, Emmanuelle and Puaut, Isabelle},
  year={1998},
  school={INRIA}
}

@article{de2013overview,
  title={An Overview of Clock Synchronization Algorithms and their Uses in Aerospace and Automotive Systems},
  author={de Oliveira Junior, Eloy Martins and e Souza, Marcelo Lopes de Oliveira},
  year={2013},
  publisher={SAE Technical Paper}
}
